@book{professional_engineer,
  title={Professional Engineer Mechanical Handbook},
  author={NCEES},
  edition={1.5},
  year={2023},
  publisher={NCEES},
  url={https://help.ncees.org/article/87-ncees-exam-reference-handbooks},
  addendum={\\Annotation: Used as a reference for various formulas, best practices, and material properties}
}

@book{marks_standard_handbook,
  title={Marks' Standard Handbook for Mechanical Engineers},
  author={Baumeister, Theodore},
  edition={12},
  year={2017},
  publisher={McGraw-Hill Education},
  addendum={\\Annotation: Used as a reference for various formulas, best practices, and material properties}
}

@book{heat_transfer, 
    place={Hoboken, NJ}, 
    edition={Eighth}, 
    title={Fundamentals of Heat and Mass Transfer}, 
    publisher={John Wiley and amp; Sons, Inc}, 
    author={Bergman, Theodore L}, 
    year={2017},
    addendum={\\Annotation: Used to understand heat transfer principles}
}

@misc{material_data_sheet,
  title={Matweb Material Data Sheet},
  url={https://www.matweb.com},
  addendum={\\Annotation: Used for material properties}
}

@misc{engineering_toolbox,
  title={Engineering Toolbox},
  author={Engineering Toolbox},
  year={2023},
  url={https://engineeringtoolbox.com},
  addendum={\\Annotation: Used to find equations for common engineering practice}
}

@manual{ansys_fluent_users_guide_2023,
  title = {Ansys Fluent User's Guide},
  author = {ANSYS, Inc.},
  year = {2023},
  month = {1},
  note = {Release 2023 R1},
  addendum={\\Annotation: Used to understand the software and its capabilities}
}

@manual{ansys_fluent_theory_guide_2023,
  title = {Ansys Fluent Theory Guide},
  author = {ANSYS, Inc.},
  year = {2023},
  month = {1},
  note = {Release 2023 R1},
  addendum={\\Annotation: Used to understand the software and its capabilities},
}

@book{mitchell_2020_fluid,
  title={Fox and McDonald's Introduction to Fluid Mechanics},
  author={Mitchell, John W.},
  edition={10},
  year={2020},
  publisher={John Wiley \& Sons, Inc.},
  address={Hoboken, NJ},
  isbn={978-1-119-61649-8},
  addendum={\\Annotation: Used as a reference for fluid mechanics principles},
}

@book{Anderson2017,
  title={Fundamentals of Aerodynamics},
  author={Anderson, John D., Jr.},
  edition={6},
  publisher={McGraw-Hill Education},
  address={New York, NY},
  year={2017},
  isbn={978-1-259-12991-9},
  addendum={\\Annotation: Used as a reference for aerodynamics principles},
}

